@article{louppe2014understanding,
  title={Understanding Random Forests: From Theory to Practice},
  author={Louppe, Gilles},
  journal={arXiv preprint arXiv:1407.7502},
  year={2014}
}
