@article{louppe2014understanding,
  title={Understanding Random Forests: From Theory to Practice},
  author={Louppe, Gilles},
  journal={arXiv preprint arXiv:1407.7502},
  year={2014}
}

@article{ho1998random,
  title={The random subspace method for constructing decision forests},
  author={Ho, Tin Kam},
  journal={Pattern Analysis and Machine Intelligence, IEEE Transactions on},
  volume={20},
  number={8},
  pages={832--844},
  year={1998},
  publisher={IEEE}
}
